% insert something like \input(some-bib-file.tex)